@incollection {Flach-ETNC,
    AUTHOR = {Flach, Matthias},
     TITLE = {The equivariant {T}amagawa number conjecture: a survey},
 BOOKTITLE = {Stark's conjectures: recent work and new directions},
    SERIES = {Contemp. Math.},
    VOLUME = {358},
     PAGES = {79--125},
      NOTE = {With an appendix by C. Greither},
 PUBLISHER = {Amer. Math. Soc., Providence, RI},
      YEAR = {2004},
  MRNUMBER = {2088713},
       DOI = {10.1090/conm/358/06537},
       URL = {https://doi.org/10.1090/conm/358/06537},
}

@article {Flach-Morin-2018,
    AUTHOR = {Flach, Matthias and Morin, Baptiste},
     TITLE = {Weil-\'{e}tale cohomology and zeta-values of proper regular arithmetic schemes},
   JOURNAL = {Doc. Math.},
  FJOURNAL = {Documenta Mathematica},
    VOLUME = {23},
      YEAR = {2018},
     PAGES = {1425--1560},
      ISSN = {1431-0635},
  MRNUMBER = {3874942},
       DOI = {10.25537/dm.2018v23.1425-1560},
       URL = {https://doi.org/10.25537/dm.2018v23.1425-1560},
}

@incollection {Fontaine-Perrin-Riou,
    AUTHOR = {Fontaine, Jean-Marc and Perrin-Riou, Bernadette},
     TITLE = {Autour des conjectures de {B}loch et {K}ato: cohomologie galoisienne et valeurs de fonctions {$L$}},
 BOOKTITLE = {Motives ({S}eattle, {WA}, 1991)},
    SERIES = {Proc. Sympos. Pure Math.},
    VOLUME = {55},
     PAGES = {599--706},
 PUBLISHER = {Amer. Math. Soc., Providence, RI},
      YEAR = {1994},
  MRNUMBER = {1265546},
}

@article {Geisser-2004,
    AUTHOR = {Geisser, Thomas},
     TITLE = {Weil-\'{e}tale cohomology over finite fields},
   JOURNAL = {Math. Ann.},
  FJOURNAL = {Mathematische Annalen},
    VOLUME = {330},
      YEAR = {2004},
    NUMBER = {4},
     PAGES = {665--692},
      ISSN = {0025-5831},
  MRNUMBER = {2102307},
       DOI = {10.1007/s00208-004-0564-8},
       URL = {https://doi.org/10.1007/s00208-004-0564-8},
}

@article {Geisser-2006,
    AUTHOR = {Geisser, Thomas},
     TITLE = {Arithmetic cohomology over finite fields and special values of {$\zeta$}-functions},
   JOURNAL = {Duke Math. J.},
  FJOURNAL = {Duke Mathematical Journal},
    VOLUME = {133},
      YEAR = {2006},
    NUMBER = {1},
     PAGES = {27--57},
      ISSN = {0012-7094},
  MRNUMBER = {2219269},
       DOI = {10.1215/S0012-7094-06-13312-4},
       URL = {https://doi.org/10.1215/S0012-7094-06-13312-4},
}

@article {Geisser-2010,
    AUTHOR = {Geisser, Thomas},
     TITLE = {Duality via cycle complexes},
   JOURNAL = {Ann. of Math. (2)},
  FJOURNAL = {Annals of Mathematics. Second Series},
    VOLUME = {172},
      YEAR = {2010},
    NUMBER = {2},
     PAGES = {1095--1126},
      ISSN = {0003-486X},
  MRNUMBER = {2680487},
       DOI = {10.4007/annals.2010.172.1095},
       URL = {https://doi.org/10.4007/annals.2010.172.1095},
}

@article {Hanamura-2000,
    AUTHOR = {Hanamura, Masaki},
     TITLE = {Homological and cohomological motives of algebraic varieties},
   JOURNAL = {Invent. Math.},
  FJOURNAL = {Inventiones Mathematicae},
    VOLUME = {142},
      YEAR = {2000},
    NUMBER = {2},
     PAGES = {319--349},
      ISSN = {0020-9910},
  MRNUMBER = {1794065},
       DOI = {10.1007/s002220000091},
       URL = {https://doi.org/10.1007/s002220000091},
}

@article {Jordan-Poonen-2020,
    AUTHOR = {Jordan, Bruce W. and Poonen, Bjorn},
     TITLE = {The analytic class number formula for 1-dimensional affine schemes},
   JOURNAL = {Bull. Lond. Math. Soc.},
  FJOURNAL = {Bulletin of the London Mathematical Society},
    VOLUME = {52},
      YEAR = {2020},
    NUMBER = {5},
     PAGES = {793--806},
      ISSN = {0024-6093},
  MRNUMBER = {4171403},
       DOI = {10.1112/blms.12357},
       URL = {https://doi.org/10.1112/blms.12357},
}

@incollection {Katz-Motives,
    AUTHOR = {Katz, Nicholas M.},
     TITLE = {Review of {$\ell$}-adic cohomology},
 BOOKTITLE = {Motives ({S}eattle, {WA}, 1991)},
    SERIES = {Proc. Sympos. Pure Math.},
    VOLUME = {55},
     PAGES = {21--30},
 PUBLISHER = {Amer. Math. Soc., Providence, RI},
      YEAR = {1994},
  MRNUMBER = {1265520},
}

@article {KLMS,
    AUTHOR = {Kerr, Matt and Lewis, James D. and M\"{u}ller-Stach, Stefan},
     TITLE = {The {A}bel-{J}acobi map for higher {C}how groups},
   JOURNAL = {Compos. Math.},
  FJOURNAL = {Compositio Mathematica},
    VOLUME = {142},
      YEAR = {2006},
    NUMBER = {2},
     PAGES = {374--396},
      ISSN = {0010-437X},
  MRNUMBER = {2218900},
       DOI = {10.1112/S0010437X05001867},
       URL = {https://doi.org/10.1112/S0010437X05001867},
}

@article {Knudsen-Mumford-1976,
      author = {Knudsen, Finn Faye and Mumford, David},
    fjournal = {Mathematica Scandinavica},
        issn = {0025-5521},
     journal = {Math. Scand.},
    mrnumber = {0437541},
      number = {1},
       pages = {19--55},
       title = {The projectivity of the moduli space of stable curves. {I}. {P}reliminaries on ``det'' and ``{D}iv''},
         url = {http://mscand.dk/article/view/11642/9658},
      volume = {39},
        year = {1976},
}

@article {Lichtenbaum-05,
      author = {Lichtenbaum, Stephen},
         doi = {10.1112/S0010437X04001150},
    fjournal = {Compositio Mathematica},
        issn = {0010-437X},
     journal = {Compos. Math.},
    mrnumber = {2135283},
      number = {3},
       pages = {689--702},
       title = {The {W}eil-\'etale topology on schemes over finite fields},
         url = {http://dx.doi.org/10.1112/S0010437X04001150},
      volume = {141},
        year = {2005},
}

@incollection {Lichtenbaum-09-Euler,
       author = {Lichtenbaum, Stephen},
    booktitle = {Motives and algebraic cycles},
     mrnumber = {2562461},
        pages = {249--255},
    publisher = {Amer. Math. Soc., Providence, RI},
       series = {Fields Inst. Commun.},
        title = {Euler characteristics and special values of zeta-functions},
       volume = {56},
         year = {2009},
}

@article {Lichtenbaum-09-number-rings,
      author = {Lichtenbaum, Stephen},
         doi = {10.4007/annals.2009.170.657},
    fjournal = {Annals of Mathematics. Second Series},
        issn = {0003-486X},
     journal = {Ann. of Math. (2)},
    mrnumber = {2552104},
      number = {2},
       pages = {657--683},
       title = {The {W}eil-\'etale topology for number rings},
         url = {http://dx.doi.org/10.4007/annals.2009.170.657},
      volume = {170},
        year = {2009},
}

@misc{Lurie-stable-oo,
  title = {Stable Infinity Categories}, 
 author = {Lurie, Jacob},
   year = {2009},
   note = {arXiv preprint 0608228 (math.CT, math.AT)},
    url = {https://arxiv.org/abs/math/0608228}
}

@article {Morin-2014,
      author = {Morin, Baptiste},
         doi = {10.1215/00127094-2681387},
    fjournal = {Duke Mathematical Journal},
        issn = {0012-7094},
     journal = {Duke Math. J.},
    mrnumber = {3205726},
      number = {7},
       pages = {1263--1336},
       title = {Zeta functions of regular arithmetic schemes at {$s=0$}},
         url = {https://dx.doi-org/10.1215/00127094-2681387},
      volume = {163},
        year = {2014},
}

@incollection {Serre-65,
       author = {Serre, Jean-Pierre},
    booktitle = {Arithmetical {A}lgebraic {G}eometry ({P}roc. {C}onf. {P}urdue {U}niv., 1963)},
     mrnumber = {0194396},
        pages = {82--92},
    publisher = {Harper \& Row, New York},
        title = {Zeta and {$L$} functions},
         year = {1965},
}

@misc {These,
  author = {Beshenov, Alexey},
   title = {Zeta-values of arithmetic schemes at negative integers and Weil-étale cohomology},
    year = {2018},
    note = {PhD thesis, Leiden University and Bordeaux University},
     url = {https://openaccess.leidenuniv.nl/handle/1887/68224}
}

@incollection {Toen-2011,
    AUTHOR = {To\"en, Bertrand},
     TITLE = {Lectures on dg-categories},
 BOOKTITLE = {Topics in algebraic and topological {$K$}-theory},
    SERIES = {Lecture Notes in Math.},
    VOLUME = {2008},
     PAGES = {243--302},
 PUBLISHER = {Springer, Berlin},
      YEAR = {2011},
  MRNUMBER = {2762557},
       DOI = {10.1007/978-3-642-15708-0},
       URL = {https://doi.org/10.1007/978-3-642-15708-0},
       key = {To\"e11}
}

@misc{Weil-etale-preprint-1,
      title = {Weil-étale cohomology for arbitrary arithmetic schemes and $n<0$. Part {I}: Construction of Weil-étale complexes}, 
      author = {Beshenov, Alexey},
      year = {2020},
      note = {arXiv preprint 2012.11034 (math.AG, math.NT)},
      url = {https://arxiv.org/abs/2012.11034}
}
